
@article{camp_classification_2002,
  title = {A {S}urvey of {M}obility {M}odels for {A}d {H}oc {N}etwork {R}esearch},
  author = {Camp, Tracy and Boleng, Jeff and Davies, Vanessa},
  year = 2002,
  journal = {Wireless {C}ommunication and {M}obile {C}omputing ({WCMC}): {S}pecial issue on {M}obile {A}d {H}oc {
N}etworking: {R}esearch, {T}rends and {A}pplications},
  month = {Sep.},
  volume ={2},
  number = {5},
  pages = {483-502},
}

@Manual{ETSI_Manhattan_Grid_1998,
  title =        {{Universal Mobile Telecommunicatios System (UMTS) - Selection procedures for the choice of radio transmission technologies of the UMTS}},
  organization = {European Telecommunications Standards Institute (ETSI)},
  key =          {ETSI},
  edition =      {UMTS 30.03 version 3.2.0, TR 101 112},
  year =         {1998},
}

@ARTICLE{bettstetter_classification_2001,
  author = {{B}ettstetter, Christian},
  title = {Mobility modeling in wireless networks: categorization, smooth movement,
        and border effects},
  journal = {{ACM} {SIGMOBILE} {M}obile {C}omputing and {C}ommunications {R}eview},
  year = {2001},
  volume = {5},
  pages = {55-66},
  number = {3}
}

@BOOKLET{bai_helmy_adhocsensor_ch1,
  title = {A Survey of Mobility Models},
  author = {Bai, Fan and Helmy, Ahmed},
  year = {2004},
  note = {\url{http://nile.usc.edu/~helmy/important/Modified-Chapter1-5-30-04.pdf}}
}

@ARTICLE{musolesi-mascolo_survey_2008,
  author = {Mirco Musolesi and Cecilia Mascolo},
  title = {Mobility Models for Systems Evaluation},
  journal = {State of the Art on Middleware for Network Eccentric and Mobile Applications
        (MINEMA)},
  year = {2008}
}

@ARTICLE{hoogendoorn-survey_vehicular_2001,
  author = {S. P. Hoogendoorn and P. H. L. Bovy},
  title = {State-of-the-art of vehicular traffic flow modelling},
  journal = {Journal of Systems and Control Engineering - Special Issue on Road
        Traffic Modelling and Control},
  year = {2001},
  volume = {215},
  pages = {283-304},
  number = {4}
}

@ARTICLE{navidi_rwp_2004,
  author = {Navidi, William and Camp, Tracy},
  title = {Stationary distributions for the random waypoint mobility model},
  journal = {IEEE Transactions on Mobile Computing},
  year = {2004},
  volume = {3},
  pages = {99-108},
  number = {1},
  month = {Jan-Feb}
}

@INPROCEEDINGS{navidi_rwp_distribution_2004,
  author = {Navidi, William and Camp, Tracy and Bauer, Nick},
  title = {{Improving the Accuracy of Random Waypoint Simulations through Steady-State
        Initialization}},
  booktitle = {Proceedings of the 15th International Conference on Modeling and
        Simulation},
  year = {2004},
  pages = {319-326}
}

@INPROCEEDINGS{bai_important_2003,
  author = {Bai, Fan and Sadagopan, Narayanan and Helmy, Ahmed},
  title = {{IMPORTANT: A framework to systematically analyze the Impact of Mobility
        on Performance of RouTing protocols for Adhoc NeTworks}},
  booktitle = {Proc. of the IEEE Infocom},
  year = {2003},
  pages = {825-835}
}

@article{Haas_GM_1999,
  author =       {Liang, Ben and Haas, Zygmunt J.},
  title =        {{Predictive distance-based mobility management for PCS networks}},
  journal =      {Proc. of the IEEE Infocom},
  year =         {1999},
  pages =        {1377-1384},
}

@article{RPGM_99,
  title = {{A Group Mobility Model for Ad Hoc Wireless Networks}},
  author = {Hong, Xiaoyan and Gerla, Mario and Pei, Guangyu and Chiang, Ching-Chuan},
  year = 1999,
  journal = {Proc. of the ACM Int. Workshop on Modelling and Simulation of Wireless and Mobile Systems (MSWiM)},
  pages = {53-60},
}

@article{NA_MSWIM2007,
  author = {Nils Aschenbruck and Elmar Gerhards-Padilla and Michael Gerharz and Matthias Frank and Peter Martini}
,
  title = {{Modelling Mobility in Disaster Area Scenarios}},
  journal = {Proc. 10th ACM-IEEE Int. Symposium on Modeling, Analysis and Simulation of Wireless and Mobile Syste
ms (MSWIM)},
  year = {2007},
  pages = {4-12},
}

@article{johansson_scenario_based_1999,
  title = {{Scenario-based Performance Analysis of Routing Protocols for Mobile Ad-hoc Networks}},
  author = {Johansson, Per and Larsson, Tony and Hedman, Nicklas and Mielczarek, Bartosz and Degermark, Mikael},
  year = 1999,
  journal = {Proc. of the Mobicom},
  pages = {195-206},
}
